<record xmlns="http://www.loc.gov/MARC21/slim" xmlns:xsi="http://www.w3.org/2001/XMLSchema-instance" xsi:schemaLocation="http://www.loc.gov/MARC21/slim http://www.loc.gov/standards/marcxml/schema/MARC21slim.xsd"><leader>01101nam a2200265   4500</leader><controlfield tag="001">001677047</controlfield><controlfield tag="003">NNU</controlfield><controlfield tag="006">m        d        </controlfield><controlfield tag="007">cr cn |||m|||a</controlfield><controlfield tag="008">140707s1924    ua      o     00  0 ara d</controlfield><datafield ind1=" " ind2=" " tag="040"><subfield code="a">NNU</subfield><subfield code="b">eng</subfield><subfield code="c">NNU</subfield></datafield><datafield ind1="0" ind2=" " tag="100"><subfield code="a">Zak&#299; Mub&#257;rak.</subfield></datafield><datafield ind1="1" ind2="3" tag="245"><subfield code="a">al-Akhl&#257;q &#699;inda al-Ghazz&#257;l&#299;</subfield><subfield code="h">[electronic resource] /</subfield><subfield code="c">ta&#700;l&#299;f Zak&#299; Mub&#257;rak.</subfield></datafield><datafield ind1=" " ind2=" " tag="260"><subfield code="a">Mi&#7779;r :</subfield><subfield code="b">Z. Mub&#257;rak,</subfield><subfield code="c">[1924?]</subfield><subfield code="e">(Mi&#7779;r :</subfield><subfield code="f">al-Maktabah al-Tij&#257;r&#299;yah al-Kubr&#225;)</subfield></datafield><datafield ind1=" " ind2=" " tag="300"><subfield code="a">online resource (434 p.) :</subfield><subfield code="b">illus., ports.</subfield></datafield><datafield ind1=" " ind2=" " tag="500"><subfield code="a">Part of the Arabic Collections Online (ACO) project, contributed by New York Univeristy Libraries.</subfield></datafield><datafield ind1=" " ind2=" " tag="533"><subfield code="a">Electronic reproduction.</subfield><subfield code="b">New York, N.Y. :</subfield><subfield code="c">New York University,</subfield><subfield code="d">2014.</subfield><subfield code="5">NNU</subfield></datafield><datafield ind1=" " ind2=" " tag="546"><subfield code="a">In Arabic.</subfield></datafield><datafield ind1="0" ind2="0" tag="600"><subfield code="a">Ghazz&#257;l&#299;,</subfield><subfield code="d">1058-1111.</subfield></datafield><datafield ind1=" " ind2="0" tag="650"><subfield code="a">Islamic ethics.</subfield></datafield><datafield ind1="2" ind2=" " tag="710"><subfield code="a">New York University.</subfield><subfield code="b">Libraries.</subfield></datafield><datafield ind1="0" ind2=" " tag="730"><subfield code="a">Arabic Collections Online.</subfield></datafield><datafield ind1="0" ind2="8" tag="776"><subfield code="i">Print version:</subfield><subfield code="a">Zak&#299; Mub&#257;rak.</subfield><subfield code="t">al-Akhl&#257;q &#699;inda al-Ghazz&#257;l&#299;</subfield><subfield code="w">(NNU)001677047</subfield></datafield><datafield ind1="4" ind2="0" tag="856"><subfield code="u">http://hdl.handle.net/2333.1/31zcrm42</subfield></datafield><datafield ind1=" " ind2=" " tag="959"><subfield code="a">NNU</subfield><subfield code="b">WEB</subfield><subfield code="c">GENI</subfield><subfield code="t">0</subfield><subfield code="m">Electronic access</subfield><subfield code="s">01</subfield></datafield></record>